@article{Lecun98gradient-basedlearning,
    author = {Yann Lecun and LÃ©on Bottou and Yoshua Bengio and Patrick Haffner},
    title = {Gradient-based learning applied to document recognition},
    booktitle = {Proceedings of the IEEE},
    year = {1998},
    pages = {2278--2324}
}


